<?xml version="1.0" encoding="UTF-8"?><collection xmlns="http://www.loc.gov/MARC21/slim"><record><leader>00355nam--2200133-i-4500</leader><controlfield tag="001">000020066</controlfield><controlfield tag="002">20161230</controlfield><controlfield tag="005">20161230201033</controlfield><controlfield tag="008">060222s1000------------r-----000-0-eng-d</controlfield><datafield ind1=" " ind2=" " tag="080"><subfield code="a">541.12:543.227</subfield></datafield><datafield ind1=" " ind2=" " tag="100"><subfield code="a">Fatu, D., Segal, E</subfield></datafield><datafield ind1=" " ind2=" " tag="245"><subfield code="a">Introducere in cinetica neizotermala</subfield></datafield><datafield ind1=" " ind2=" " tag="260"><subfield code="a">Bucuresti, Editura Academiei R.S.R., 1983. 298 P</subfield></datafield><datafield ind1=" " ind2=" " tag="852"><subfield code="a">71269</subfield></datafield></record></collection>